%% Created using Papers on Mon, 26 Feb 2018.
%% http://papersapp.com/papers/

@unpublished{Mozaffari:loXwTR9q,
author = {Mozaffari, Sahar V and Stein, Michelle M and Magnaye, Kevin M and Nicolae, Dan L and Ober, Carole},
title = {{Gene Expression and Methylation of Imprinted Genes in the Hutterites}},
month = feb,
year = {2018}
}

@unpublished{Shiquan:G-C-HqrA,
author = {Shiquan, Sun and Zhu, Jiaqiang and Mozaffari, Sahar V and Ober, Carole and Chen, Mengjie and Zhou, Xiang},
title = {{Heritability Estimation and Differential Analysis with Generalized Linear Mixed Models in RNA Sequencing and Bisulfite Sequencing Studies}},
month = feb,
year = {2018}
}

@article{Hart:2018cv,
author = {Hart, Michael W and Stover, Daryn A and Guerra, Vanessa and Mozaffari, Sahar V and Ober, Carole and Mugal, Carina F and Kaj, Ingemar},
title = {{Positive selection on human gamete-recognition genes}},
journal = {PeerJ},
year = {2018},
volume = {6},
number = {1},
pages = {e4259--35}
}

@article{Mozaffari:dg,
author = {Mozaffari, S V and DeCara, J M and Shah, S J and Lang, R M and Nicolae, Dan L and Ober, Carole},
title = {{Parent of Origin Effects on Quantitative Phenotypes in a Founder Population}},
journal = {bioRxiv},
year = {2017}
}

@article{Cusanovich:2016id,
author = {Cusanovich, Darren A and Caliskan, Minal and Billstrand, Christine and Michelini, Katelyn and Chavarria, Claudia and De Leon, Sherryl and Mitrano, Amy and Lewellyn, Noah and Elias, Jack A and Chupp, Geoffrey L and Lang, Roberto M and Shah, Sanjiv J and Decara, Jeanne M and Gilad, Yoav and Ober, Carole},
title = {{Integrated analyses of gene expression and genetic association studies in a founder population.}},
journal = {Human Molecular Genetics},
year = {2016},
volume = {25},
number = {10},
pages = {2104--2112},
month = may
}

@article{Dobin:2012fg,
author = {Dobin, Alexander and Davis, Carrie A and Schlesinger, Felix and Drenkow, Jorg and Zaleski, Chris and Jha, Sonali and Batut, Philippe and Chaisson, Mark and Gingeras, Thomas R},
title = {{STAR: ultrafast universal RNA-seq aligner}},
journal = {Bioinformatics},
year = {2012},
volume = {29},
number = {1},
pages = {15--21},
month = oct
}

@article{Gamazon:2015fa,
author = {Gamazon, Eric R and Wheeler, Heather E and Shah, Kaanan P and Mozaffari, Sahar V and Aquino-Michaels, Keston and Carroll, Robert J and Eyler, Anne E and Denny, Joshua C and Nicolae, Dan L and Cox, Nancy J and Im, Hae Kyung},
title = {{A gene-based association method for mapping traits using reference transcriptome data}},
journal = {Nature Genetics},
year = {2015},
volume = {47},
number = {9},
pages = {1091--1098},
month = aug
}

@article{vandeGeijn:2015hi,
author = {van de Geijn, Bryce and McVicker, Graham and Gilad, Yoav and Pritchard, Jonathan K},
title = {{WASP: allele-specific software for robust molecular quantitative trait locus discovery}},
journal = {Nature Methods},
year = {2015},
volume = {12},
number = {11},
pages = {1061--1063},
month = nov
}

@article{Igartua:2017fg,
author = {Igartua, Catherine and Mozaffari, Sahar V and Nicolae, Dan and Ober, Carole},
title = {{Rare non-coding variants are associated with plasma lipid traits in a founder population}},
journal = {bioRxiv},
year = {2017},
month = may
}

@article{Jun:2012je,
author = {Jun, Goo and Flickinger, Matthew and Hetrick, Kurt N and Romm, Jane M and Doheny, Kimberly F and Abecasis, Goncalo R and Boehnke, Michael and Kang, Hyun Min},
title = {{Detecting and Estimating Contamination of Human DNA Samples in Sequencing and Array-Based Genotype Data}},
journal = {The American Journal of Human Genetics},
year = {2012},
volume = {91},
number = {5},
pages = {839--848},
month = nov
}

@article{Mott2014,
author = {Mott, Richard and Yuan, Wei and Kaisaki, Pamela and Gan, Xiangchao and Cleak, James and Edwards, Andrew and Baud, Amelie and Flint, Jonathan},
title = {{The Architecture of Parent-of-Origin Effects in Mice}},
journal = {Cell},
year = {2014},
volume = {156},
number = {1-2},
pages = {332--342},
month = jan
}

@article{Daelemans:2010kc,
author = {Daelemans, Caroline and Ritchie, Matthew E and Smits, Guillaume and Abu-Amero, Sayeda and Sudbery, Ian M and Forrest, Matthew S and Campino, Susana and Clark, Taane G and Stanier, Philip and Kwiatkowski, Dominic and Deloukas, Panos and Dermitzakis, Emmanouil T and Tavar{\'e}, Simon and Moore, Gudrun E and Dunham, Ian},
title = {{High-throughput analysis of candidate imprinted genes and allele-specific gene expression in the human term placenta.}},
journal = {BMC genetics},
year = {2010},
volume = {11},
number = {1},
pages = {25},
month = apr
}

@article{Baran:2015cx,
author = {Baran, Yael and Subramaniam, Meena and Biton, Anne and Tukiainen, Taru and Tsang, Emily K and Rivas, Manuel A and Pirinen, Matti and Gutierrez-Arcelus, Maria and Smith, Kevin S and Kukurba, Kim R and Zhang, Rui and Eng, Celeste and Torgerson, Dara G and Urbanek, Cydney and {GTEx Consortium} and Li, Jin Billy and Rodriguez-Santana, Jose R and Burchard, Esteban G and Seibold, Max A and MacArthur, Daniel G and Montgomery, Stephen B and Zaitlen, Noah A and Lappalainen, Tuuli},
title = {{The landscape of genomic imprinting across diverse adult human tissues.}},
journal = {Genome Research},
year = {2015},
volume = {25},
number = {7},
pages = {927--936},
month = jul
}

@article{Zhabotynsky:2017uj,
author = {Zhabotynsky, V and Sun, W and Inoue, K and Magnuson, T},
title = {{Joint estimation of genetic and parent-of-origin effects using RNA-seq data from human}},
journal = {arXiv.org},
year = {2017},
eprint = {related:i6SipSPiTTIJ},
eprinttype = {scholar}
}

@article{Igartua:2017ir,
author = {Igartua, Catherine and Mozaffari, Sahar V and Nicolae, Dan L and Ober, Carole},
title = {{Rare non-coding variants are associated with plasma lipid traits in a founder population.}},
journal = {Scientific Reports},
year = {2017},
volume = {7},
number = {1},
pages = {16415},
month = nov
}

@article{Docherty:2014cx,
author = {Docherty, Louise E and Rezwan, Faisal I and Poole, Rebecca L and Jagoe, Hannah and Lake, Hannah and Lockett, Gabrielle A and Arshad, Hasan and Wilson, David I and Holloway, John W and Temple, I Karen and Mackay, Deborah J G},
title = {{Genome-wide DNA methylation analysis of patients with imprinting disorders identifies differentially methylated regions associated with novel candidate imprinted genes.}},
journal = {Journal of medical genetics},
year = {2014},
volume = {51},
number = {4},
pages = {229--238},
month = apr
}

