@unpublished{Mozaffari:loXwTR9q,
author = {Mozaffari, Sahar V and Stein, Michelle M and Magnaye, Kevin M and Nicolae, Dan L and Ober, Carole},
title = {{Gene Expression and Methylation of Imprinted Genes in the Hutterites}},
month = feb,
year = {2018}
}

@unpublished{Shiquan:G-C-HqrA,
author = {Shiquan, Sun and Zhu, Jiaqiang and Mozaffari, Sahar V and Ober, Carole and Chen, Mengjie and Zhou, Xiang},
title = {{Heritability Estimation and Differential Analysis with Generalized Linear Mixed Models in RNA Sequencing and Bisulfite Sequencing Studies}},
month = feb,
year = {2018}
}

@article{Hart:2018cv,
author = {Hart, Michael W and Stover, Daryn A and Guerra, Vanessa and Mozaffari, Sahar V and Ober, Carole and Mugal, Carina F and Kaj, Ingemar},
title = {{Positive selection on human gamete-recognition genes}},
journal = {PeerJ},
year = {2018},
volume = {6},
number = {1},
pages = {e4259--35}
}

@article{Mozaffari:dg,
author = {Mozaffari, S V and DeCara, J M and Shah, S J and Lang, R M and Nicolae, Dan L and Ober, Carole},
title = {{Parent of Origin Effects on Quantitative Phenotypes in a Founder Population}},
journal = {bioRxiv},
year = {2017}
}

