//Drafts in Progress
@unpublished{Biddanda2019a,
author = {Biddanda, A and Rice, Daniel P and Novembre, J},
title = {{Visualizing dominant patterns of allele frequency variation as a means to understand human population structure}},
month = june,
year = {2020}
}

@unpublished{Biddanda2019b,
author = {Biddanda, A and Steinr\"{u}cken, M and Novembre, J},
title = {{Linkage disequilibrium and haplotype structure in ancient DNA}},
month = june,
year = {2020}
}

//Published stuff
@article{Chiang2018,
author = {Chiang, Charleston W K and Marcus, Joseph H and Sidore, Carlo and Biddanda, Arjun and Al-Asadi, Hussein and Zoledziewska, Magdalena and Pitzalis, Maristella and Busonero, Fabio and Maschio, Andrea and Pistis, Giorgio and Steri, Maristella and Angius, Andrea and Lohmueller, Kirk E and Abecasis, Goncalo R and Schlessinger, David and Cucca, Francesco and Novembre, John},
doi = {10.1038/s41588-018-0215-8},
issn = {1546-1718},
journal = {Nature Genetics},
title = {{Genomic history of the Sardinian population}},
url = {https://doi.org/10.1038/s41588-018-0215-8},
year = {2018},
}


@article{DeBarrosDamgaard2018,
author = {{de Barros Damgaard}, Peter and Martiniano, Rui and Kamm, Jack and Moreno-Mayar, J V{\'{i}}ctor and ... and  Biddanda, Arjun and ... and Sikora, Martin and Outram, Alan K and Durbin, Richard and Willerslev, Eske},
journal = {Science},
title = {{The first horse herders and the impact of early Bronze Age steppe expansions into Asia}},
url = {http://science.sciencemag.org/content/early/2018/05/08/science.aar7711.abstract},
year = {2018},
}


